

@online{flatland,
	author={AIcrowd},
	year={2021},
	title= {Flatland},
	url = {https://www.aicrowd.com/challenges/flatland},
}

@online{flatland-challenge,
	author={AIcrowd},
	year={2020},
	title= {Flatland Challenge},
	url = {https://www.aicrowd.com/challenges/flatland-challenge},
}

@inbook{reinforcement-learning,
	author={Stuart J. Russell and Peter Norvig},
	title={Reinforcement Learning},
	booktitle={Artificial Intelligence},
	booksubtitle={A Modern Approach},
	publisher={Pearson Education},
	location={Upper Saddle River, NJ, USA},
	year={2009},
	edition={3},
	chapter={21},
	pages={830â€“859}
}